<record><leader>00000cas a2200000Ia 4500</leader><controlfield tag="001">22605978</controlfield><controlfield tag="008">901030c19119999wauwr ne      0    0eng d</controlfield><datafield ind1=" " ind2=" " tag="010"><subfield code="a">sn 90098881 </subfield></datafield><datafield ind1=" " ind2=" " tag="040"><subfield code="a">SLZ</subfield><subfield code="b">eng</subfield><subfield code="c">SLZ</subfield><subfield code="d">OCLCQ</subfield><subfield code="d">UPP</subfield></datafield><datafield ind1=" " ind2=" " tag="043"><subfield code="a">n-us-wa</subfield></datafield><datafield ind1=" " ind2=" " tag="090"><subfield code="a">LD4580 .P84</subfield><subfield code="b">T72</subfield></datafield><datafield ind1="0" ind2="4" tag="245"><subfield code="a">The Puget Sound trail.</subfield></datafield><datafield ind1="1" ind2="4" tag="246"><subfield code="a">Trail</subfield></datafield><datafield ind1="1" ind2="6" tag="246"><subfield code="a">UPS trail</subfield><subfield code="f">1965-66, no. 1-1967-68, no. 13</subfield></datafield><datafield ind1=" " ind2=" " tag="260"><subfield code="a">Tacoma, Wash. :</subfield><subfield code="b">Associated Students of the University of Puget Sound,</subfield><subfield code="c">1911-</subfield></datafield><datafield ind1=" " ind2=" " tag="300"><subfield code="a">v. :</subfield><subfield code="b">ill. ;</subfield><subfield code="c">25-55 cm.</subfield></datafield><datafield ind1=" " ind2=" " tag="310"><subfield code="a">Weekly during the school year</subfield><subfield code="b">Oct. 3, 1961-</subfield></datafield><datafield ind1=" " ind2=" " tag="321"><subfield code="a">Semimonthly during the school year</subfield><subfield code="b">Sept. 22, 1959-May 16, 1961</subfield></datafield><datafield ind1=" " ind2=" " tag="321"><subfield code="a">Weekly during the school year</subfield><subfield code="b">Sept. 25, 1922- May 12, 1959</subfield></datafield><datafield ind1=" " ind2=" " tag="321"><subfield code="a">Monthly during the school year</subfield><subfield code="b">Oct. 1919-June 1922</subfield></datafield><datafield ind1=" " ind2=" " tag="321"><subfield code="a">Semimonthly during the school year</subfield><subfield code="b">Oct. 1918-June 1919</subfield></datafield><datafield ind1=" " ind2=" " tag="321"><subfield code="a">Monthly during the school year</subfield><subfield code="b">Oct. 1914-June 1918</subfield></datafield><datafield ind1=" " ind2=" " tag="321"><subfield code="a">Semimonthly during the school year</subfield><subfield code="b">Sept. 1911-June 1914</subfield></datafield><datafield ind1=" " ind2=" " tag="500"><subfield code="a">Title alternates irregularly.</subfield></datafield><datafield ind1=" " ind2=" " tag="500"><subfield code="a">Issues for Oct. 1914-Dec. 1959 published by the students under the name The College of Puget Sound.</subfield></datafield><datafield ind1=" " ind2=" " tag="515"><subfield code="a">Volume numbering started over twice: Vol. 1, no. 1 (Sept. 16, 1911)-vol. 11, no. 7 (April, 1922); vol. 1, no. 1 (Sept. 25, 1922)-vol. 16, no. 19 (May 24, 1940); vol. 1, no. 1 (Sept. 15, 1978)-  .  Volume 98 skipped.</subfield></datafield><datafield ind1=" " ind2=" " tag="515"><subfield code="a">Sept. 1940-May 1978 issue designation consists of school year and issue number e.g. 1940-41, no. 1.</subfield></datafield><datafield ind1=" " ind2=" " tag="515"><subfield code="a">Vol. 93, no. 10 not published.</subfield></datafield><datafield ind1=" " ind2=" " tag="515"><subfield code="a">Some issues for 2005 (vol. 93, no. [11- 12, 16]) incorrectly dated 2004.</subfield></datafield><datafield ind1=" " ind2=" " tag="588"><subfield code="a">Description based on: Vol. 5, no. 9 (Nov. 12, 1926).</subfield></datafield><datafield ind1=" " ind2="0" tag="651"><subfield code="a">Tacoma (Wash.)</subfield><subfield code="v">Newspapers.</subfield></datafield><datafield ind1="2" ind2=" " tag="710"><subfield code="a">University of Puget Sound.</subfield></datafield><datafield ind1=" " ind2=" " tag="752"><subfield code="a">United States</subfield><subfield code="b">Washington</subfield><subfield code="c">Pierce</subfield><subfield code="d">Tacoma.</subfield></datafield><datafield ind1="0" ind2="0" tag="780"><subfield code="a">The Maroon (Tacoma, Wash.)</subfield></datafield></record>